

@inproceedings{caverley2015measurement,
	title={Measurement of optical losses in silicon photonic contra-directional couplers},
	author={Caverley, Michael and Jaeger, Nicolas AF and Chrostowski, Lukas},
	booktitle={Photonics North, 2015},
	pages={1--1},
	year={2015},
	organization={IEEE}
}

@article{geisler2011demonstration,
	Author = {Geisler, David J and Fontaine, Nicolas K and Scott, Ryan P and Yoo, SJB},
	Date-Added = {2015-05-20 01:41:21 +0000},
	Date-Modified = {2015-05-20 01:41:21 +0000},
	Journal = {Photonics Journal, IEEE},
	Number = {6},
	Pages = {1013--1022},
	Publisher = {IEEE},
	Title = {Demonstration of a flexible bandwidth optical transmitter/receiver system scalable to terahertz bandwidths},
	Volume = {3},
	Year = {2011}}

@article{DynamicBW,
	Author = {Bo Zhang and Leuenberger, David and Lee, Ming-Chang M. and Willner, A.E. and Wu, M.C.},
	Date-Added = {2014-10-13 14:02:26 +0000},
	Date-Modified = {2014-10-13 14:02:57 +0000},
	Doi = {10.1109/LPT.2007.903872},
	Issn = {1041-1135},
	Journal = {Photonics Technology Letters, IEEE},
	Keywords = {bandwidth allocation;demultiplexing;error statistics;micro-optics;micro-optomechanical devices;optical communication equipment;optical filters;wavelength division multiplexing;MEMS actuated filter;bandwidth tunable optical filter;bit error rate;bit rate 5 Gbit/s;data transmission;dynamic bandwidth allocation;gap spacing;matched optical filtering;microdisk resonator filter;microelectromechanical system;nonreturn-to-zero signals;reconfigurable channel banding;voltage tuning;wavelength demultiplexing;Bandwidth;Channel allocation;Optical filters;Optical resonators;Optical signal processing;Optical tuning;Optical waveguides;Resonator filters;Voltage;Waveguide discontinuities;Bandwidth-tunable filter;channel banding;dynamic bandwidth allocation;microresonator;optical microelectromechanical system (MEMS)},
	Month = {Oct},
	Number = {19},
	Pages = {1508-1510},
	Title = {Experimental Demonstration of Dynamic Bandwidth Allocation Using a MEMS-Actuated Bandwidth-Tunable Microdisk Resonator Filter},
	Volume = {19},
	Year = {2007},
	Bdsk-Url-1 = {http://dx.doi.org/10.1109/LPT.2007.903872}}

@misc{dummy,
	Title = {**ADD REFERENCE HERE**}}

@misc{frey2006temperature,
	Author = {Frey, Bradley J and Leviton, Douglas B and Madison, Timothy J},
	Booktitle = {Astronomical Telescopes and Instrumentation},
	Organization = {International Society for Optics and Photonics},
	Pages = {62732J--62732J},
	Title = {Temperature-dependent refractive index of silicon and germanium},
	Year = {2006}}

@article{shi2013siliconContraDC,
	Author = {Shi, Wei and Wang, Xu and Lin, Charlie and Yun, Han and Liu, Yang and Baehr-Jones, Tom and Hochberg, Michael and Jaeger, Nicolas AF and Chrostowski, Lukas},
	Journal = {Optics express},
	Number = {3},
	Pages = {3633--3650},
	Publisher = {Optical Society of America},
	Title = {Silicon photonic grating-assisted, contra-directional couplers},
	Volume = {21},
	Year = {2013}}

@article{shi2013demuxContraDC,
	Author = {Shi, Wei and Yun, Han and Lin, Charlie and Greenberg, Mark and Wang, Xu and Wang, Yun and Fard, Sahba Talebi and Flueckiger, Jonas and Jaeger, Nicolas AF and Chrostowski, Lukas},
	Journal = {Optics express},
	Number = {6},
	Pages = {6733--6738},
	Publisher = {Optical Society of America},
	Title = {Ultra-compact, flat-top demultiplexer using anti-reflection contra-directional couplers for CWDM networks on silicon},
	Volume = {21},
	Year = {2013}}

@inproceedings{shi2013siliconCWDM,
	Author = {Shi, Wei and Yun, Han and Lin, Charlie and Wang, Xu and Flueckiger, Jonas and Jaeger, Nicolas and Chrostowski, Lukas},
	Booktitle = {CLEO: Science and Innovations},
	Organization = {Optical Society of America},
	Pages = {CTu3F--5},
	Title = {Silicon CWDM Demultiplexers Using Contra-Directional Couplers},
	Year = {2013}}

@article{ong2013ultra,
	Author = {Ong, Jun Rong and Kumar, Ranjeet and Mookherjea, Shayan},
	Journal = {Photonics Technology Letters, IEEE},
	Number = {16},
	Pages = {1543--1546},
	Publisher = {IEEE},
	Title = {Ultra-high-contrast and tunable-bandwidth filter using cascaded high-order silicon microring filters},
	Volume = {25},
	Year = {2013}}

@article{zhong2014focusingFGC,
	Author = {Zhong, Qiuhang and Veerasubramanian, Venkat and Wang, Yun and Shi, Wei and Patel, David and Ghosh, Samir and Samani, Alireza and Chrostowski, Lukas and Bojko, Richard and Plant, David V},
	Journal = {Optics express},
	Number = {15},
	Pages = {18224--18231},
	Publisher = {Optical Society of America},
	Title = {Focusing-curved subwavelength grating couplers for ultra-broadband silicon photonics optical interfaces},
	Volume = {22},
	Year = {2014}}

@article{shi2011contradirectional,
	Author = {Shi, W and Wang, X and Zhang, W and Chrostowski, L and Jaeger, NAF},
	Journal = {Optics letters},
	Number = {20},
	Pages = {3999--4001},
	Publisher = {Optical Society of America},
	Title = {Contradirectional couplers in silicon-on-insulator rib waveguides},
	Volume = {36},
	Year = {2011}}

@article{jinno2009spectrum,
	Author = {Jinno, Masahiko and Takara, Hidehiko and Kozicki, Bartlomiej and Tsukishima, Yukio and Sone, Yoshiaki and Matsuoka, Shinji},
	Journal = {Communications Magazine, IEEE},
	Number = {11},
	Pages = {66--73},
	Publisher = {IEEE},
	Title = {Spectrum-efficient and scalable elastic optical path network: architecture, benefits, and enabling technologies},
	Volume = {47},
	Year = {2009}}
	
@article{dong2010thermally,
	Author = {Dong, Po and Qian, Wei and Liang, Hong and Shafiiha, Roshanak and Feng, Dazeng and Li, Guoliang and Cunningham, John E and Krishnamoorthy, Ashok V and Asghari, Mehdi},
	Date-Added = {2014-10-14 02:44:51 +0000},
	Date-Modified = {2014-10-14 02:44:51 +0000},
	Journal = {Optics express},
	Number = {19},
	Pages = {20298--20304},
	Publisher = {Optical Society of America},
	Title = {Thermally tunable silicon racetrack resonators with ultralow tuning power},
	Volume = {18},
	Year = {2010}}


@article{simard2011impact,
  title={Impact of sidewall roughness on integrated Bragg gratings},
  author={Simard, Alexandre D and Ayotte, Nicolas and Painchaud, Yves and Bedard, S and LaRochelle, S},
  journal={Journal of Lightwave Technology},
  volume={29},
  number={24},
  pages={3693--3704},
  year={2011},
  publisher={IEEE}
}

@article{simard2013characterization,
  title={Characterization and reduction of spectral distortions in Silicon-on-Insulator integrated Bragg gratings},
  author={Simard, Alexandre D and Beaudin, Guillaume and Aimez, Vincent and Painchaud, Yves and LaRochelle, Sophie},
  journal={Optics express},
  volume={21},
  number={20},
  pages={23145--23159},
  year={2013},
  publisher={Optical Society of America}
}

@article{skaar2001synthesis,
  title={On the synthesis of fiber Bragg gratings by layer peeling},
  author={Skaar, Johannes and Wang, Ligang and Erdogan, Turan},
  journal={Quantum Electronics, IEEE Journal of},
  volume={37},
  number={2},
  pages={165--173},
  year={2001},
  publisher={IEEE}
}

@article{ding2011bandwidth,
  title={Bandwidth and wavelength-tunable optical bandpass filter based on silicon microring-MZI structure},
  author={Ding, Yunhong and Pu, Minhao and Liu, Liu and Xu, Jing and Peucheret, Christophe and Zhang, Xinliang and Huang, Dexiu and Ou, Haiyan},
  journal={Optics express},
  volume={19},
  number={7},
  pages={6462--6470},
  year={2011},
  publisher={Optical Society of America}
}

@article{orlandi2012reconfigurable,
  title={Reconfigurable silicon filter with continuous bandwidth tunability},
  author={Orlandi, Piero and Ferrari, Carlo and Strain, Michael John and Canciamilla, Antonio and Morichetti, Francesco and Sorel, Marc and Bassi, Paolo and Melloni, Andrea},
  journal={Optics letters},
  volume={37},
  number={17},
  pages={3669--3671},
  year={2012},
  publisher={Optical Society of America}
}